<record><leader>00000cas a22000007a 4500</leader><controlfield tag="001">27075434</controlfield><controlfield tag="008">921207d19771990wyuwr ne      0    0eng d</controlfield><datafield ind1=" " ind2=" " tag="010"><subfield code="a">sn 92067220 </subfield></datafield><datafield ind1=" " ind2=" " tag="040"><subfield code="a">NVO</subfield><subfield code="b">eng</subfield><subfield code="c">NVO</subfield><subfield code="d">OCLCQ</subfield></datafield><datafield ind1="0" ind2="0" tag="245"><subfield code="a">Bridger Valley pioneer.</subfield></datafield><datafield ind1="3" ind2="0" tag="246"><subfield code="a">Pioneer</subfield></datafield><datafield ind1=" " ind2=" " tag="260"><subfield code="a">Lyman, Wyo. :</subfield><subfield code="b">P. Stevens</subfield></datafield><datafield ind1=" " ind2=" " tag="300"><subfield code="a">v.</subfield></datafield><datafield ind1=" " ind2=" " tag="310"><subfield code="a">Weekly</subfield></datafield><datafield ind1="0" ind2=" " tag="362"><subfield code="a">1st year, 1st issue (May 5, 1977)-14th year, 6th issue (June 21, 1990).</subfield></datafield><datafield ind1=" " ind2=" " tag="580"><subfield code="a">Absorbed: The Uinta County star, June 7, 1990.</subfield></datafield><datafield ind1=" " ind2="4" tag="651"><subfield code="a">Uinta County (Wyo.)</subfield><subfield code="v">Newspapers.</subfield></datafield><datafield ind1=" " ind2="4" tag="651"><subfield code="a">Lyman (Wyo.)</subfield><subfield code="v">Newspapers.</subfield></datafield><datafield ind1=" " ind2=" " tag="752"><subfield code="a">United States</subfield><subfield code="b">Wyoming</subfield><subfield code="c">Uinta</subfield><subfield code="d">Lyman.</subfield></datafield><datafield ind1="0" ind2="5" tag="780"><subfield code="t">Uinta County star</subfield></datafield><datafield ind1="0" ind2="0" tag="785"><subfield code="t">Uinta County pioneer</subfield><subfield code="w">(DLC)sn 92067219</subfield></datafield></record>